LEADER 00508cjm a22001813 4500
001 10062588
005 20171013073237.0
007 sd fsngnnmmneu
008 170825s2017 xx nn n zxx d
024 7 $a00190295755553$2gtin-14
024 1 $a190295755553
035 $a(OCoLC)1002130878
035 $a10062588
040 $aBTCTA$beng$cBTCTA
100 1 $aRossi, Daniele
245 00$aSaint-Saens: Organ Symphony and Carnival of The Animals
260 $bWea Corp$c2017.
948 2 $a20171013$bm$dbatch$elts$xdeloclcprefix
